@manual{sample,
  organization = {TU Dortmund, Fakultät Physik},
  title = {Versuch zum Literaturverzeichnis},
  year = 2023
}

@manual{V351,
  organization = {TU Dortmund, Fakultät Physik},
  title = {Versuchsanleitung 351 Fourier-Analyse und Synthese},
  year = 2023
}
@book{NeuesGP,
  author         = {Hans Joachim Eichler,Heinz-Detlef Kronfeldt
  ,Jürgen Sahm},
  publisher      = {Springer},
  title          = {Das Neue Physikalische Grundpraktikum},
  year           = {2016}
}